# Abkuerzungen
@string( JFM  = "J.~Fluid Mech.")
@string( JFS  = "J.~Fluids Struct.")
@string( PF   = "Phys.~Fluids")
@string( ZFW  = "Z.~Flugwiss.~Weltraumforsch.")
@string( NMF  = "Int.~J.~Numer.~Meth.~Fluids")
@string( BAPS = "Bull.~American.~Physical Society")
@string( JSV  = "J.~Sound Vibration")
@string( ETFS = "Exp. Thermal and Fluid Science")
@string( PHD  = "{Ph.D.} {T}hesis")
@string( MS   = "{Master's} {T}hesis")
@string( MEng = "{M}aster of {E}ngineering {R}eport")
@string( SA   = "Studienarbeit")
@string( SV   = "Springer")

# Eigentliche Datenbank
@Article{Pantankar72,
  author = 	 {Pantankar, {S. V.} and Spalding, {D.B.}},
  title = 	 {A calculation procedure for heat, mass and momentum transfer in three dimensional parabolic flows},
  journal = 	 {Int. J. Heat Mass Transfer},
  year = 	 {1972},
  number = 	 {15},
  pages = 	 {1787--1806},
}

@Article{Launder74,
  author = 	 {Launder, B. E. and Spalding, D. B.},
  title = 	 {The numerical computation of turbulent flows},
  journal = 	 {Comp.~Meth.~Applied Mechanics and Engineering},
  year = 	 {1974},
  number = 	 {3},
  pages = 	 {269--289},
}

@InProceedings{Ertem01,
  author      =	 {Ertem--Müller, Senem and Schäfer, Michael},
  title       =	 {Numerical Efficiency of Explicit and Implicit Methods with Multigrid for Large Eddy Simulation},
  booktitle   =  {Third AFOSR International Conference on DNS/LES},
  year        =	 {2001},
  month       =	 {August},
  address     =	 {Arlington, Texas},
}

@mastersthesis{Breuer01,
   author    = {Breuer, Dr.--Ing. Michael},
   title     = {{D}irekte {N}umerische {S}imulation und {L}arge--{E}ddy {S}imulation turbulenter {S}tr\"omungen auf {H}ochleistungsrechnern},
   year      = {2001},
   address   = {Erlangen},
   school    = {Lehrstuhl f\"ur Str\"omungsmechanik, Technische Fakult\"at Friedrich--Alexander--Universit\"at Erlangen--N\"urnberg},
   type      = {Habilitationsschrift}
}

@book{Schaefer97,
   author    = {Sch\"afer, M.},
   title     = {Vorlesungsskript\: Numerische Berechnungsverfahren im Maschinenbau},
   year      = {1997},
   publisher = {Fachgebiet für Numerische Berechnungsverfahren},
   address   = {TU Darmstadt}
}

@book{Schaefer99,
   author    = {Sch\"afer, M.},
   title     = {Numerik im Maschinenbau},
   year      = {1999},
   publisher = {Springer Verlag},
   address   = {Berlin}
}

@book{Spurk96,
   author    = {Spurk, J. H.},
   title     = {Str\"omungslehre: Einf\"uhrung in die Theorie der Str\"omungen},
   year      = {1996},
   publisher = {Sringer Verlag},
   address   = {Berlin},
   edition   = {4th}
}

@book{Bronstein95,
   author    = {Bronstein, I. and Semendjajew  K. A. and Musiol, G. and M\"uhlig, H.},
   title     = {Taschenbuch der Mathematik},
   year      = {1995},
   publisher = {Verlag Harri deutsch},
   edition   = {2. \"uberarb. und erw. Aufl.},
   adress    = {Thun und Frankfurt am Main}
}
